%YAML 1.1
%TAG !u! tag:unity3d.com,2011:
--- !u!1001 &100100000
Prefab:
  m_ObjectHideFlags: 1
  serializedVersion: 2
  m_Modification:
    m_TransformParent: {fileID: 0}
    m_Modifications: []
    m_RemovedComponents: []
  m_SourcePrefab: {fileID: 0}
  m_RootGameObject: {fileID: 1537923130797496}
  m_IsPrefabAsset: 1
--- !u!1 &1521789645616124
GameObject:
  m_ObjectHideFlags: 0
  m_CorrespondingSourceObject: {fileID: 0}
  m_PrefabInternal: {fileID: 100100000}
  serializedVersion: 6
  m_Component:
  - component: {fileID: 4578869934109910}
  - component: {fileID: 212127367904330596}
  - component: {fileID: 58543568926335736}
  - component: {fileID: 50558360006824202}
  m_Layer: 0
  m_Name: backWheel
  m_TagString: Untagged
  m_Icon: {fileID: 0}
  m_NavMeshLayer: 0
  m_StaticEditorFlags: 0
  m_IsActive: 1
--- !u!1 &1537923130797496
GameObject:
  m_ObjectHideFlags: 0
  m_CorrespondingSourceObject: {fileID: 0}
  m_PrefabInternal: {fileID: 100100000}
  serializedVersion: 6
  m_Component:
  - component: {fileID: 4299740549463980}
  - component: {fileID: 212210903592068892}
  - component: {fileID: 60672250700775400}
  - component: {fileID: 50517572163079442}
  - component: {fileID: 235370540951513080}
  - component: {fileID: 235584006243500876}
  - component: {fileID: 114703051807291488}
  m_Layer: 0
  m_Name: car2
  m_TagString: Untagged
  m_Icon: {fileID: 0}
  m_NavMeshLayer: 0
  m_StaticEditorFlags: 0
  m_IsActive: 1
--- !u!1 &1990672145018984
GameObject:
  m_ObjectHideFlags: 0
  m_CorrespondingSourceObject: {fileID: 0}
  m_PrefabInternal: {fileID: 100100000}
  serializedVersion: 6
  m_Component:
  - component: {fileID: 4212845808009714}
  - component: {fileID: 212541979639301846}
  - component: {fileID: 58465614829231866}
  - component: {fileID: 50755802578782754}
  m_Layer: 0
  m_Name: frontWheel
  m_TagString: Untagged
  m_Icon: {fileID: 0}
  m_NavMeshLayer: 0
  m_StaticEditorFlags: 0
  m_IsActive: 1
--- !u!4 &4212845808009714
Transform:
  m_ObjectHideFlags: 1
  m_CorrespondingSourceObject: {fileID: 0}
  m_PrefabInternal: {fileID: 100100000}
  m_GameObject: {fileID: 1990672145018984}
  m_LocalRotation: {x: -0, y: -0, z: -0, w: 1}
  m_LocalPosition: {x: 0.822, y: -0.76, z: 0}
  m_LocalScale: {x: 1, y: 1, z: 1}
  m_Children: []
  m_Father: {fileID: 4299740549463980}
  m_RootOrder: 0
  m_LocalEulerAnglesHint: {x: 0, y: 0, z: 0}
--- !u!4 &4299740549463980
Transform:
  m_ObjectHideFlags: 1
  m_CorrespondingSourceObject: {fileID: 0}
  m_PrefabInternal: {fileID: 100100000}
  m_GameObject: {fileID: 1537923130797496}
  m_LocalRotation: {x: 0, y: 0, z: 0, w: 1}
  m_LocalPosition: {x: -4.636, y: -2.204, z: 0}
  m_LocalScale: {x: 1, y: 1, z: 1}
  m_Children:
  - {fileID: 4212845808009714}
  - {fileID: 4578869934109910}
  m_Father: {fileID: 0}
  m_RootOrder: 0
  m_LocalEulerAnglesHint: {x: 0, y: 0, z: 0}
--- !u!4 &4578869934109910
Transform:
  m_ObjectHideFlags: 1
  m_CorrespondingSourceObject: {fileID: 0}
  m_PrefabInternal: {fileID: 100100000}
  m_GameObject: {fileID: 1521789645616124}
  m_LocalRotation: {x: -0, y: -0, z: -0, w: 1}
  m_LocalPosition: {x: -0.767, y: -0.746, z: 0}
  m_LocalScale: {x: 1, y: 1, z: 1}
  m_Children: []
  m_Father: {fileID: 4299740549463980}
  m_RootOrder: 1
  m_LocalEulerAnglesHint: {x: 0, y: 0, z: 0}
--- !u!50 &50517572163079442
Rigidbody2D:
  serializedVersion: 4
  m_ObjectHideFlags: 1
  m_CorrespondingSourceObject: {fileID: 0}
  m_PrefabInternal: {fileID: 100100000}
  m_GameObject: {fileID: 1537923130797496}
  m_BodyType: 0
  m_Simulated: 1
  m_UseFullKinematicContacts: 0
  m_UseAutoMass: 0
  m_Mass: 200
  m_LinearDrag: 0
  m_AngularDrag: 0.05
  m_GravityScale: 1
  m_Material: {fileID: 0}
  m_Interpolate: 0
  m_SleepingMode: 1
  m_CollisionDetection: 0
  m_Constraints: 0
--- !u!50 &50558360006824202
Rigidbody2D:
  serializedVersion: 4
  m_ObjectHideFlags: 1
  m_CorrespondingSourceObject: {fileID: 0}
  m_PrefabInternal: {fileID: 100100000}
  m_GameObject: {fileID: 1521789645616124}
  m_BodyType: 0
  m_Simulated: 1
  m_UseFullKinematicContacts: 0
  m_UseAutoMass: 0
  m_Mass: 10
  m_LinearDrag: 0
  m_AngularDrag: 0.05
  m_GravityScale: 1
  m_Material: {fileID: 0}
  m_Interpolate: 0
  m_SleepingMode: 1
  m_CollisionDetection: 0
  m_Constraints: 0
--- !u!50 &50755802578782754
Rigidbody2D:
  serializedVersion: 4
  m_ObjectHideFlags: 1
  m_CorrespondingSourceObject: {fileID: 0}
  m_PrefabInternal: {fileID: 100100000}
  m_GameObject: {fileID: 1990672145018984}
  m_BodyType: 0
  m_Simulated: 1
  m_UseFullKinematicContacts: 0
  m_UseAutoMass: 0
  m_Mass: 10
  m_LinearDrag: 0
  m_AngularDrag: 0.05
  m_GravityScale: 1
  m_Material: {fileID: 0}
  m_Interpolate: 0
  m_SleepingMode: 1
  m_CollisionDetection: 0
  m_Constraints: 0
--- !u!58 &58465614829231866
CircleCollider2D:
  m_ObjectHideFlags: 1
  m_CorrespondingSourceObject: {fileID: 0}
  m_PrefabInternal: {fileID: 100100000}
  m_GameObject: {fileID: 1990672145018984}
  m_Enabled: 1
  m_Density: 1
  m_Material: {fileID: 0}
  m_IsTrigger: 0
  m_UsedByEffector: 0
  m_UsedByComposite: 0
  m_Offset: {x: 0, y: 0}
  serializedVersion: 2
  m_Radius: 0.3
--- !u!58 &58543568926335736
CircleCollider2D:
  m_ObjectHideFlags: 1
  m_CorrespondingSourceObject: {fileID: 0}
  m_PrefabInternal: {fileID: 100100000}
  m_GameObject: {fileID: 1521789645616124}
  m_Enabled: 1
  m_Density: 1
  m_Material: {fileID: 0}
  m_IsTrigger: 0
  m_UsedByEffector: 0
  m_UsedByComposite: 0
  m_Offset: {x: 0, y: 0}
  serializedVersion: 2
  m_Radius: 0.3
--- !u!60 &60672250700775400
PolygonCollider2D:
  m_ObjectHideFlags: 1
  m_CorrespondingSourceObject: {fileID: 0}
  m_PrefabInternal: {fileID: 100100000}
  m_GameObject: {fileID: 1537923130797496}
  m_Enabled: 1
  m_Density: 1
  m_Material: {fileID: 0}
  m_IsTrigger: 0
  m_UsedByEffector: 0
  m_UsedByComposite: 0
  m_Offset: {x: 0, y: 0}
  m_SpriteTilingProperty:
    border: {x: 0, y: 0, z: 0, w: 0}
    pivot: {x: 0.5, y: 0.5}
    oldSize: {x: 2.5, y: 2.5}
    newSize: {x: 2.5, y: 2.5}
    adaptiveTilingThreshold: 0.5
    drawMode: 0
    adaptiveTiling: 0
  m_AutoTiling: 0
  m_Points:
    m_Paths:
    - - {x: 0.7942896, y: -0.35908937}
      - {x: 0.8114941, y: -0.40016437}
      - {x: 0.810395, y: -0.3811152}
      - {x: 0.96661425, y: -0.3940332}
      - {x: 1.0604665, y: -0.43197632}
      - {x: 1.0856843, y: -0.42794704}
      - {x: 1.1358037, y: -0.45069504}
      - {x: 1.1436045, y: -0.4623239}
      - {x: 1.1590488, y: -0.46824694}
      - {x: 1.2075572, y: -0.48017383}
      - {x: 1.1913359, y: -0.40360498}
      - {x: 1.141336, y: -0.31802368}
      - {x: 1.04, y: -0.17999999}
      - {x: 0.8084314, y: -0.17964816}
      - {x: 0.72326016, y: -0.16983819}
      - {x: 0.64, y: -0.099999994}
      - {x: 0.6173339, y: -0.121473074}
      - {x: 0.52, y: -0.11}
      - {x: 0.51147413, y: -0.13455844}
      - {x: 0.42964792, y: -0.1278913}
      - {x: 0.3596897, y: -0.08233929}
      - {x: 0.32999998, y: 0.02}
      - {x: 0.28, y: 0.02}
      - {x: 0.21, y: -0.03}
      - {x: 0.099999994, y: 0.089999996}
      - {x: 0.17, y: 0.11}
      - {x: 0.32, y: 0.34}
      - {x: 0.26, y: 0.45}
      - {x: 0.22, y: 0.53999996}
      - {x: 0.14999999, y: 0.63}
      - {x: -0.06, y: 0.63}
      - {x: -0.099999994, y: 0.62}
      - {x: -0.25, y: 0.53}
      - {x: -0.25, y: 0.39999998}
      - {x: -0.32, y: 0.31}
      - {x: -0.29999998, y: 0.19999999}
      - {x: -0.099999994, y: 0.08}
      - {x: -0.24, y: -0.049999997}
      - {x: -0.37, y: -0.01}
      - {x: -0.39, y: -0.08}
      - {x: -0.59, y: -0.08}
      - {x: -0.8128133, y: -0.15732694}
      - {x: -0.83, y: -0.11}
      - {x: -0.8555994, y: -0.14180946}
      - {x: -0.9624376, y: -0.17817783}
      - {x: -1.2395306, y: -0.21093822}
      - {x: -1.19242, y: -0.2830205}
      - {x: -1.0698681, y: -0.35731697}
      - {x: -0.9530978, y: -0.38155437}
      - {x: -1, y: -0.39999998}
      - {x: -0.9782438, y: -0.37060308}
      - {x: -0.880682, y: -0.38150024}
      - {x: -0.5622301, y: -0.40894604}
      - {x: -0.3713112, y: -0.5703559}
      - {x: -0.36966515, y: -0.7101557}
      - {x: -0.38161325, y: -0.7547655}
      - {x: -0.3454404, y: -0.76080656}
      - {x: -0.33416414, y: -0.75114393}
      - {x: -0.3190298, y: -0.77557206}
      - {x: 0.42999998, y: -0.79999995}
      - {x: 0.41935968, y: -0.7637787}
      - {x: 0.43674278, y: -0.67592883}
      - {x: 0.5105839, y: -0.5090506}
      - {x: 0.7179599, y: -0.39638638}
    - - {x: -0.38699532, y: -0.52322626}
      - {x: -0.4120245, y: -0.49033737}
      - {x: -0.45061684, y: -0.47390127}
    - - {x: 0.48674297, y: -0.5329642}
      - {x: 0.55499554, y: -0.46906686}
      - {x: 0.7082975, y: -0.4072709}
      - {x: 0.62645006, y: -0.41976237}
      - {x: 0.4387188, y: -0.5567429}
    - - {x: -0.85864496, y: -0.38674545}
      - {x: -0.8791933, y: -0.38557196}
      - {x: -0.80937815, y: -0.39002252}
      - {x: -0.6650133, y: -0.3847673}
      - {x: -0.621613, y: -0.4025514}
      - {x: -0.7377858, y: -0.3891356}
    - - {x: 0.76940775, y: -0.39018583}
      - {x: 0.94795704, y: -0.40699363}
      - {x: 1.1560562, y: -0.4731381}
      - {x: 1.0821588, y: -0.40365958}
      - {x: 0.9050238, y: -0.39769268}
      - {x: 0.95750237, y: -0.4039526}
      - {x: 1.0401077, y: -0.41388106}
      - {x: 1.0017474, y: -0.3949406}
      - {x: 0.946964, y: -0.3994217}
      - {x: 0.8447666, y: -0.39412642}
      - {x: 0.77871895, y: -0.39005494}
      - {x: 0.9029093, y: -0.3958099}
      - {x: 0.78979874, y: -0.38613653}
      - {x: 0.7038338, y: -0.4030192}
--- !u!114 &114703051807291488
MonoBehaviour:
  m_ObjectHideFlags: 1
  m_CorrespondingSourceObject: {fileID: 0}
  m_PrefabInternal: {fileID: 100100000}
  m_GameObject: {fileID: 1537923130797496}
  m_Enabled: 1
  m_EditorHideFlags: 0
  m_Script: {fileID: 11500000, guid: 39d391f3da6d4964b8c94f2404a9c2e2, type: 3}
  m_Name: 
  m_EditorClassIdentifier: 
  maxSpeed: -3000
  breakForce: 3000
  tankerSize: 20
  fuelUsage: 3
  progressBarFuel: {fileID: 0}
  carControl:
  - {fileID: 0}
  - {fileID: 0}
  coinsText: {fileID: 0}
  textOutOfFuel: {fileID: 0}
  isOutOfFuelPanel: {fileID: 0}
--- !u!212 &212127367904330596
SpriteRenderer:
  m_ObjectHideFlags: 1
  m_CorrespondingSourceObject: {fileID: 0}
  m_PrefabInternal: {fileID: 100100000}
  m_GameObject: {fileID: 1521789645616124}
  m_Enabled: 1
  m_CastShadows: 0
  m_ReceiveShadows: 0
  m_DynamicOccludee: 1
  m_MotionVectors: 1
  m_LightProbeUsage: 1
  m_ReflectionProbeUsage: 1
  m_RenderingLayerMask: 4294967295
  m_Materials:
  - {fileID: 10754, guid: 0000000000000000f000000000000000, type: 0}
  m_StaticBatchInfo:
    firstSubMesh: 0
    subMeshCount: 0
  m_StaticBatchRoot: {fileID: 0}
  m_ProbeAnchor: {fileID: 0}
  m_LightProbeVolumeOverride: {fileID: 0}
  m_ScaleInLightmap: 1
  m_PreserveUVs: 0
  m_IgnoreNormalsForChartDetection: 0
  m_ImportantGI: 0
  m_StitchLightmapSeams: 0
  m_SelectedEditorRenderState: 0
  m_MinimumChartSize: 4
  m_AutoUVMaxDistance: 0.5
  m_AutoUVMaxAngle: 89
  m_LightmapParameters: {fileID: 0}
  m_SortingLayerID: 0
  m_SortingLayer: 0
  m_SortingOrder: 2
  m_Sprite: {fileID: 21300000, guid: c2f9cf564ac1a3448b2257fd535df1ab, type: 3}
  m_Color: {r: 1, g: 1, b: 1, a: 1}
  m_FlipX: 0
  m_FlipY: 0
  m_DrawMode: 0
  m_Size: {x: 0.64, y: 0.64}
  m_AdaptiveModeThreshold: 0.5
  m_SpriteTileMode: 0
  m_WasSpriteAssigned: 1
  m_MaskInteraction: 0
  m_SpriteSortPoint: 0
--- !u!212 &212210903592068892
SpriteRenderer:
  m_ObjectHideFlags: 1
  m_CorrespondingSourceObject: {fileID: 0}
  m_PrefabInternal: {fileID: 100100000}
  m_GameObject: {fileID: 1537923130797496}
  m_Enabled: 1
  m_CastShadows: 0
  m_ReceiveShadows: 0
  m_DynamicOccludee: 1
  m_MotionVectors: 1
  m_LightProbeUsage: 1
  m_ReflectionProbeUsage: 1
  m_RenderingLayerMask: 4294967295
  m_Materials:
  - {fileID: 10754, guid: 0000000000000000f000000000000000, type: 0}
  m_StaticBatchInfo:
    firstSubMesh: 0
    subMeshCount: 0
  m_StaticBatchRoot: {fileID: 0}
  m_ProbeAnchor: {fileID: 0}
  m_LightProbeVolumeOverride: {fileID: 0}
  m_ScaleInLightmap: 1
  m_PreserveUVs: 0
  m_IgnoreNormalsForChartDetection: 0
  m_ImportantGI: 0
  m_StitchLightmapSeams: 0
  m_SelectedEditorRenderState: 0
  m_MinimumChartSize: 4
  m_AutoUVMaxDistance: 0.5
  m_AutoUVMaxAngle: 89
  m_LightmapParameters: {fileID: 0}
  m_SortingLayerID: 0
  m_SortingLayer: 0
  m_SortingOrder: 1
  m_Sprite: {fileID: 21300000, guid: f4b803c803c684445885e8d99a047d10, type: 3}
  m_Color: {r: 1, g: 1, b: 1, a: 1}
  m_FlipX: 0
  m_FlipY: 0
  m_DrawMode: 0
  m_Size: {x: 2.5, y: 2.5}
  m_AdaptiveModeThreshold: 0.5
  m_SpriteTileMode: 0
  m_WasSpriteAssigned: 1
  m_MaskInteraction: 0
  m_SpriteSortPoint: 0
--- !u!212 &212541979639301846
SpriteRenderer:
  m_ObjectHideFlags: 1
  m_CorrespondingSourceObject: {fileID: 0}
  m_PrefabInternal: {fileID: 100100000}
  m_GameObject: {fileID: 1990672145018984}
  m_Enabled: 1
  m_CastShadows: 0
  m_ReceiveShadows: 0
  m_DynamicOccludee: 1
  m_MotionVectors: 1
  m_LightProbeUsage: 1
  m_ReflectionProbeUsage: 1
  m_RenderingLayerMask: 4294967295
  m_Materials:
  - {fileID: 10754, guid: 0000000000000000f000000000000000, type: 0}
  m_StaticBatchInfo:
    firstSubMesh: 0
    subMeshCount: 0
  m_StaticBatchRoot: {fileID: 0}
  m_ProbeAnchor: {fileID: 0}
  m_LightProbeVolumeOverride: {fileID: 0}
  m_ScaleInLightmap: 1
  m_PreserveUVs: 0
  m_IgnoreNormalsForChartDetection: 0
  m_ImportantGI: 0
  m_StitchLightmapSeams: 0
  m_SelectedEditorRenderState: 0
  m_MinimumChartSize: 4
  m_AutoUVMaxDistance: 0.5
  m_AutoUVMaxAngle: 89
  m_LightmapParameters: {fileID: 0}
  m_SortingLayerID: 0
  m_SortingLayer: 0
  m_SortingOrder: 2
  m_Sprite: {fileID: 21300000, guid: c2f9cf564ac1a3448b2257fd535df1ab, type: 3}
  m_Color: {r: 1, g: 1, b: 1, a: 1}
  m_FlipX: 0
  m_FlipY: 0
  m_DrawMode: 0
  m_Size: {x: 0.64, y: 0.64}
  m_AdaptiveModeThreshold: 0.5
  m_SpriteTileMode: 0
  m_WasSpriteAssigned: 1
  m_MaskInteraction: 0
  m_SpriteSortPoint: 0
--- !u!235 &235370540951513080
WheelJoint2D:
  m_ObjectHideFlags: 1
  m_CorrespondingSourceObject: {fileID: 0}
  m_PrefabInternal: {fileID: 100100000}
  m_GameObject: {fileID: 1537923130797496}
  m_Enabled: 1
  serializedVersion: 4
  m_EnableCollision: 1
  m_ConnectedRigidBody: {fileID: 50558360006824202}
  m_BreakForce: Infinity
  m_BreakTorque: Infinity
  m_AutoConfigureConnectedAnchor: 1
  m_Anchor: {x: -0.7475481, y: -0.36406446}
  m_ConnectedAnchor: {x: 0, y: 0}
  m_Suspension:
    m_DampingRatio: 0.7
    m_Frequency: 2
    m_Angle: 90
  m_UseMotor: 0
  m_Motor:
    m_MotorSpeed: 0
    m_MaximumMotorForce: 10000
--- !u!235 &235584006243500876
WheelJoint2D:
  m_ObjectHideFlags: 1
  m_CorrespondingSourceObject: {fileID: 0}
  m_PrefabInternal: {fileID: 100100000}
  m_GameObject: {fileID: 1537923130797496}
  m_Enabled: 1
  serializedVersion: 4
  m_EnableCollision: 1
  m_ConnectedRigidBody: {fileID: 50755802578782754}
  m_BreakForce: Infinity
  m_BreakTorque: Infinity
  m_AutoConfigureConnectedAnchor: 1
  m_Anchor: {x: 0.8361616, y: -0.3916452}
  m_ConnectedAnchor: {x: 0, y: 0}
  m_Suspension:
    m_DampingRatio: 0.7
    m_Frequency: 2
    m_Angle: 90
  m_UseMotor: 0
  m_Motor:
    m_MotorSpeed: 0
    m_MaximumMotorForce: 10000
